<?xml version="1.0" encoding="utf-8"?>
<record xmlns="http://www.loc.gov/MARC21/slim" xmlns:xsi="http://www.w3.org/2001/XMLSchema-instance" xsi:schemaLocation="http://www.loc.gov/MARC21/slim http://www.loc.gov/standards/marcxml/schema/MARC21slim.xsd">
	<leader>
		02146nam a2200361   4500
	</leader>
	<controlfield tag="001">
		3068244
	</controlfield>
	<controlfield tag="003">
		NNC
	</controlfield>
	<controlfield tag="006">
		m        d        
	</controlfield>
	<controlfield tag="007">
		cr cn |||m|||a
	</controlfield>
	<controlfield tag="008">
		160223s1910    ua      o     000 0 ara d
	</controlfield>
	<datafield ind1=" " ind2=" " tag="040">
		<subfield code="a">
			NNU
		</subfield>
		<subfield code="b">
			eng
		</subfield>
		<subfield code="e">
			rda
		</subfield>
		<subfield code="c">
			NNU
		</subfield>
	</datafield>
	<datafield ind1="0" ind2=" " tag="130">
		<subfield code="6">
			880-01
		</subfield>
		<subfield code="a">
			Arabian nights.
		</subfield>
	</datafield>
	<datafield ind1="1" ind2="0" tag="245">
		<subfield code="6">
			880-02
		</subfield>
		<subfield code="a">
			Kitāb Alf laylah wa-laylah :
		</subfield>
		<subfield code="b">
			 muqābalah wamuṣaḥḥahah ʻalā al-nuskhah al-maṭbūʻah bi Maṭbaʻat Būlāq al-Amīrīyah sanata 1279  /
		</subfield>
		<subfield code="c">
			 taṣḥīḥ al-shaykh Muḥammad Qiṭṭah al-ʻAdawī.
		</subfield>
	</datafield>
	<datafield ind1=" " ind2=" " tag="250">
		<subfield code="6">
			880-03
		</subfield>
		<subfield code="a">
			Ṭabʻah ūlá.
		</subfield>
	</datafield>
	<datafield ind1=" " ind2=" " tag="260">
		<subfield code="6">
			880-04
		</subfield>
		<subfield code="a">
			Miṣr :
		</subfield>
		<subfield code="b">
			Muṣṭafā al-Bābī al-Ḥalabī wa-akhawayhi Bakrī wa ʻĪsā,
		</subfield>
		<subfield code="c">
			[1328 h., 1910 m.]
		</subfield>
	</datafield>
	<datafield ind1=" " ind2=" " tag="300">
		<subfield code="a">
			online resource (4 volumes)
		</subfield>
	</datafield>
	<datafield ind1=" " ind2=" " tag="336">
		<subfield code="a">
			text
		</subfield>
		<subfield code="2">
			rdacontent
		</subfield>
	</datafield>
	<datafield ind1=" " ind2=" " tag="337">
		<subfield code="a">
			computer
		</subfield>
		<subfield code="2">
			rdamedia
		</subfield>
	</datafield>
	<datafield ind1=" " ind2=" " tag="338">
		<subfield code="a">
			online resource
		</subfield>
		<subfield code="2">
			rdacarrier
		</subfield>
	</datafield>
	<datafield ind1=" " ind2=" " tag="500">
		<subfield code="a">
			Part of the Arabic Collections Online (ACO) project, contributed by Columbia University Libraries.
		</subfield>
	</datafield>
	<datafield ind1=" " ind2=" " tag="533">
		<subfield code="a">
			Electronic reproduction.
		</subfield>
		<subfield code="b">
			New York, N.Y. :
		</subfield>
		<subfield code="c">
			New York University,
		</subfield>
		<subfield code="d">
			2016.
		</subfield>
		<subfield code="5">
			NNU
		</subfield>
	</datafield>
	<datafield ind1="2" ind2=" " tag="710">
		<subfield code="a">
			Columbia University.
		</subfield>
		<subfield code="b">
			Libraries.
		</subfield>
	</datafield>
	<datafield ind1="0" ind2=" " tag="730">
		<subfield code="a">
			Arabic Collections Online.
		</subfield>
	</datafield>
	<datafield ind1="0" ind2=" " tag="740">
		<subfield code="6">
			880-05
		</subfield>
		<subfield code="a">
			Alf laylah wa-laylah.
		</subfield>
	</datafield>
	<datafield ind1="0" ind2="8" tag="776">
		<subfield code="i">
			Print version:
		</subfield>
		<subfield code="t">
			Kitāb Alf laylah wa-laylah
		</subfield>
		<subfield code="w">
			(NNC)3068244
		</subfield>
		<subfield code="w">
			(OCoLC)47806405
		</subfield>
	</datafield>
	<datafield ind1="4" ind2="0" tag="856">
		<subfield code="u">
			http://hdl.handle.net/2333.1/m37pvqgb
		</subfield>
	</datafield>
	<datafield ind1="0" ind2=" " tag="880">
		<subfield code="6">
			130-01/r
		</subfield>
		<subfield code="a">
			الف ليلة وليلة.
		</subfield>
	</datafield>
	<datafield ind1="1" ind2="0" tag="880">
		<subfield code="6">
			245-02/r
		</subfield>
		<subfield code="a">
			كتاب الف ليلة وليلة :
		</subfield>
		<subfield code="b">
			 مقابلة ومصححة على النسخة المطبوعة بمطبعة بولاق الاميرية سنة 1279  /
		</subfield>
		<subfield code="c">
			 تصحيح الشيخ محمد قطة العدوي.
		</subfield>
	</datafield>
	<datafield ind1=" " ind2=" " tag="880">
		<subfield code="6">
			250-03/r
		</subfield>
		<subfield code="a">
			طبعة اولى.
		</subfield>
	</datafield>
	<datafield ind1=" " ind2=" " tag="880">
		<subfield code="6">
			260-04/r
		</subfield>
		<subfield code="a">
			مصر :
		</subfield>
		<subfield code="b">
			مصطفى البابي الحلبي واخويه بكري و عيسى،
		</subfield>
		<subfield code="c">
			[1328 ه.، 1910 م.]
		</subfield>
	</datafield>
	<datafield ind1="0" ind2=" " tag="880">
		<subfield code="6">
			740-05/r
		</subfield>
		<subfield code="a">
			الف ليلة وليلة.
		</subfield>
	</datafield>
	<datafield ind1=" " ind2=" " tag="959">
		<subfield code="a">
			NNU
		</subfield>
		<subfield code="b">
			WEB
		</subfield>
		<subfield code="c">
			GENI
		</subfield>
		<subfield code="t">
			0
		</subfield>
		<subfield code="m">
			Electronic access
		</subfield>
		<subfield code="s">
			01
		</subfield>
	</datafield>
	<datafield ind1=" " ind2=" " tag="999">
		<subfield code="i">
			NNC_3068244
		</subfield>
		<subfield code="o">
			(OCoLC)ocm47806405
		</subfield>
		<subfield code="s">
			columbia_aco001548:v.1
		</subfield>
		<subfield code="s">
			columbia_aco001549:v.2
		</subfield>
		<subfield code="s">
			columbia_aco001550:v.3
		</subfield>
		<subfield code="s">
			columbia_aco001551:v.4
		</subfield>
		<subfield code="e">
			(ERROR-880)
		</subfield>
		<subfield code="s">
			columbia_aco001548:v.1
		</subfield>
		<subfield code="s">
			columbia_aco001549:v.2
		</subfield>
		<subfield code="s">
			columbia_aco001550:v.3
		</subfield>
		<subfield code="s">
			columbia_aco001551:v.4
		</subfield>
	</datafield>
</record>
